<record><leader>00000cas a22000007a 4500</leader><controlfield tag="001">25256425</controlfield><controlfield tag="008">920211d19151982ctuwr ne      0    0eng d</controlfield><datafield ind1=" " ind2=" " tag="010"><subfield code="a">sn 92051154 </subfield></datafield><datafield ind1=" " ind2=" " tag="040"><subfield code="a">CNW</subfield><subfield code="b">eng</subfield><subfield code="c">CNW</subfield><subfield code="d">OCLCQ</subfield></datafield><datafield ind1=" " ind2=" " tag="042"><subfield code="a">msc</subfield></datafield><datafield ind1="0" ind2=" " tag="130"><subfield code="a">Darien review (Darien, Conn. : 1915)</subfield></datafield><datafield ind1="1" ind2="4" tag="245"><subfield code="a">The Darien review.</subfield></datafield><datafield ind1="1" ind2="7" tag="246"><subfield code="a">Review of Darien, Noroton, and Rowayton</subfield><subfield code="f">1915-May 19, 1916</subfield></datafield><datafield ind1=" " ind2=" " tag="260"><subfield code="a">Darien, Conn. :</subfield><subfield code="b">Darien Pub. Co.</subfield></datafield><datafield ind1=" " ind2=" " tag="300"><subfield code="a">v.</subfield></datafield><datafield ind1=" " ind2=" " tag="310"><subfield code="a">Weekly</subfield></datafield><datafield ind1="0" ind2=" " tag="362"><subfield code="a">Vol. 19, no. 32 (Aug. 7, 1915)-v. 87, no. 8 (Feb. 25, 1982).</subfield></datafield><datafield ind1=" " ind2=" " tag="530"><subfield code="a">Available on microfilm from Darien Library, Darien, Conn.</subfield></datafield><datafield ind1=" " ind2="4" tag="651"><subfield code="a">Darien (Conn.)</subfield><subfield code="v">Newspapers.</subfield></datafield><datafield ind1=" " ind2="4" tag="651"><subfield code="a">Norwalk (Conn.)</subfield><subfield code="v">Newspapers.</subfield></datafield><datafield ind1=" " ind2="4" tag="651"><subfield code="a">Stamford (Conn.)</subfield><subfield code="v">Newspapers.</subfield></datafield><datafield ind1=" " ind2=" " tag="752"><subfield code="a">United States</subfield><subfield code="b">Connecticut</subfield><subfield code="c">Fairfield</subfield><subfield code="d">Darien.</subfield></datafield><datafield ind1="0" ind2="0" tag="780"><subfield code="t">Review of Noroton-Darien-Rowayton</subfield><subfield code="w">(DLC)sn 92051153</subfield></datafield><datafield ind1="0" ind2="7" tag="785"><subfield code="t">Darien news (Darien, Conn.)</subfield><subfield code="x">0192-0154</subfield><subfield code="w">(DLC)sn 79007072</subfield><subfield code="w">(OCoLC)5094280</subfield></datafield><datafield ind1="0" ind2="7" tag="785"><subfield code="t">Darien news-review</subfield><subfield code="x">0744-3862</subfield><subfield code="w">(DLC)sn 82002070</subfield><subfield code="w">(OCoLC)8246589</subfield></datafield><datafield ind1="1" ind2=" " tag="029"><subfield code="a">AU@</subfield><subfield code="b">000025898995</subfield></datafield></record>